%YAML 1.1
%TAG !u! tag:unity3d.com,2011:
--- !u!1 &3989409324495744753
GameObject:
  m_ObjectHideFlags: 0
  m_CorrespondingSourceObject: {fileID: 0}
  m_PrefabInstance: {fileID: 0}
  m_PrefabAsset: {fileID: 0}
  serializedVersion: 6
  m_Component:
  - component: {fileID: 3989409324495744752}
  m_Layer: 0
  m_Name: Lava Edge Tile 1
  m_TagString: Untagged
  m_Icon: {fileID: 0}
  m_NavMeshLayer: 0
  m_StaticEditorFlags: 2147483647
  m_IsActive: 1
--- !u!4 &3989409324495744752
Transform:
  m_ObjectHideFlags: 0
  m_CorrespondingSourceObject: {fileID: 0}
  m_PrefabInstance: {fileID: 0}
  m_PrefabAsset: {fileID: 0}
  m_GameObject: {fileID: 3989409324495744753}
  m_LocalRotation: {x: 0, y: 0, z: 0, w: 1}
  m_LocalPosition: {x: 10, y: 0, z: -25}
  m_LocalScale: {x: 1, y: 1, z: 1}
  m_ConstrainProportionsScale: 0
  m_Children:
  - {fileID: 4609912953505265939}
  - {fileID: 2650665305769492757}
  - {fileID: 2650665306280524932}
  - {fileID: 2650665305425223319}
  - {fileID: 2650665306364996477}
  - {fileID: 2650665305471434851}
  m_Father: {fileID: 0}
  m_RootOrder: 0
  m_LocalEulerAnglesHint: {x: 0, y: 0, z: 0}
--- !u!1001 &3989409323174865903
PrefabInstance:
  m_ObjectHideFlags: 0
  serializedVersion: 2
  m_Modification:
    m_TransformParent: {fileID: 3989409324495744752}
    m_Modifications:
    - target: {fileID: 601939954276762975, guid: 29572b3a9d98d624eae4da98259444ac,
        type: 3}
      propertyPath: m_Name
      value: Hex Pillar (4)
      objectReference: {fileID: 0}
    - target: {fileID: 1410810487606493330, guid: 29572b3a9d98d624eae4da98259444ac,
        type: 3}
      propertyPath: m_RootOrder
      value: 4
      objectReference: {fileID: 0}
    - target: {fileID: 1410810487606493330, guid: 29572b3a9d98d624eae4da98259444ac,
        type: 3}
      propertyPath: m_LocalPosition.x
      value: 5
      objectReference: {fileID: 0}
    - target: {fileID: 1410810487606493330, guid: 29572b3a9d98d624eae4da98259444ac,
        type: 3}
      propertyPath: m_LocalPosition.y
      value: -2
      objectReference: {fileID: 0}
    - target: {fileID: 1410810487606493330, guid: 29572b3a9d98d624eae4da98259444ac,
        type: 3}
      propertyPath: m_LocalPosition.z
      value: 4
      objectReference: {fileID: 0}
    - target: {fileID: 1410810487606493330, guid: 29572b3a9d98d624eae4da98259444ac,
        type: 3}
      propertyPath: m_LocalRotation.w
      value: 1
      objectReference: {fileID: 0}
    - target: {fileID: 1410810487606493330, guid: 29572b3a9d98d624eae4da98259444ac,
        type: 3}
      propertyPath: m_LocalRotation.x
      value: -0
      objectReference: {fileID: 0}
    - target: {fileID: 1410810487606493330, guid: 29572b3a9d98d624eae4da98259444ac,
        type: 3}
      propertyPath: m_LocalRotation.y
      value: 2.808668e-16
      objectReference: {fileID: 0}
    - target: {fileID: 1410810487606493330, guid: 29572b3a9d98d624eae4da98259444ac,
        type: 3}
      propertyPath: m_LocalRotation.z
      value: -8.426002e-16
      objectReference: {fileID: 0}
    - target: {fileID: 1410810487606493330, guid: 29572b3a9d98d624eae4da98259444ac,
        type: 3}
      propertyPath: m_LocalEulerAnglesHint.x
      value: 0
      objectReference: {fileID: 0}
    - target: {fileID: 1410810487606493330, guid: 29572b3a9d98d624eae4da98259444ac,
        type: 3}
      propertyPath: m_LocalEulerAnglesHint.y
      value: 0
      objectReference: {fileID: 0}
    - target: {fileID: 1410810487606493330, guid: 29572b3a9d98d624eae4da98259444ac,
        type: 3}
      propertyPath: m_LocalEulerAnglesHint.z
      value: 0
      objectReference: {fileID: 0}
    m_RemovedComponents: []
  m_SourcePrefab: {fileID: 100100000, guid: 29572b3a9d98d624eae4da98259444ac, type: 3}
--- !u!4 &2650665306364996477 stripped
Transform:
  m_CorrespondingSourceObject: {fileID: 1410810487606493330, guid: 29572b3a9d98d624eae4da98259444ac,
    type: 3}
  m_PrefabInstance: {fileID: 3989409323174865903}
  m_PrefabAsset: {fileID: 0}
--- !u!1001 &3989409323787321735
PrefabInstance:
  m_ObjectHideFlags: 0
  serializedVersion: 2
  m_Modification:
    m_TransformParent: {fileID: 3989409324495744752}
    m_Modifications:
    - target: {fileID: 601939954276762975, guid: 29572b3a9d98d624eae4da98259444ac,
        type: 3}
      propertyPath: m_Name
      value: Hex Pillar (1)
      objectReference: {fileID: 0}
    - target: {fileID: 1410810487606493330, guid: 29572b3a9d98d624eae4da98259444ac,
        type: 3}
      propertyPath: m_RootOrder
      value: 1
      objectReference: {fileID: 0}
    - target: {fileID: 1410810487606493330, guid: 29572b3a9d98d624eae4da98259444ac,
        type: 3}
      propertyPath: m_LocalPosition.x
      value: 5
      objectReference: {fileID: 0}
    - target: {fileID: 1410810487606493330, guid: 29572b3a9d98d624eae4da98259444ac,
        type: 3}
      propertyPath: m_LocalPosition.y
      value: -3
      objectReference: {fileID: 0}
    - target: {fileID: 1410810487606493330, guid: 29572b3a9d98d624eae4da98259444ac,
        type: 3}
      propertyPath: m_LocalPosition.z
      value: -4
      objectReference: {fileID: 0}
    - target: {fileID: 1410810487606493330, guid: 29572b3a9d98d624eae4da98259444ac,
        type: 3}
      propertyPath: m_LocalRotation.w
      value: 1
      objectReference: {fileID: 0}
    - target: {fileID: 1410810487606493330, guid: 29572b3a9d98d624eae4da98259444ac,
        type: 3}
      propertyPath: m_LocalRotation.x
      value: -0
      objectReference: {fileID: 0}
    - target: {fileID: 1410810487606493330, guid: 29572b3a9d98d624eae4da98259444ac,
        type: 3}
      propertyPath: m_LocalRotation.y
      value: 2.808668e-16
      objectReference: {fileID: 0}
    - target: {fileID: 1410810487606493330, guid: 29572b3a9d98d624eae4da98259444ac,
        type: 3}
      propertyPath: m_LocalRotation.z
      value: -8.426002e-16
      objectReference: {fileID: 0}
    - target: {fileID: 1410810487606493330, guid: 29572b3a9d98d624eae4da98259444ac,
        type: 3}
      propertyPath: m_LocalEulerAnglesHint.x
      value: 0
      objectReference: {fileID: 0}
    - target: {fileID: 1410810487606493330, guid: 29572b3a9d98d624eae4da98259444ac,
        type: 3}
      propertyPath: m_LocalEulerAnglesHint.y
      value: 0
      objectReference: {fileID: 0}
    - target: {fileID: 1410810487606493330, guid: 29572b3a9d98d624eae4da98259444ac,
        type: 3}
      propertyPath: m_LocalEulerAnglesHint.z
      value: 0
      objectReference: {fileID: 0}
    m_RemovedComponents: []
  m_SourcePrefab: {fileID: 100100000, guid: 29572b3a9d98d624eae4da98259444ac, type: 3}
--- !u!4 &2650665305769492757 stripped
Transform:
  m_CorrespondingSourceObject: {fileID: 1410810487606493330, guid: 29572b3a9d98d624eae4da98259444ac,
    type: 3}
  m_PrefabInstance: {fileID: 3989409323787321735}
  m_PrefabAsset: {fileID: 0}
--- !u!1001 &3989409324062686230
PrefabInstance:
  m_ObjectHideFlags: 0
  serializedVersion: 2
  m_Modification:
    m_TransformParent: {fileID: 3989409324495744752}
    m_Modifications:
    - target: {fileID: 601939954276762975, guid: 29572b3a9d98d624eae4da98259444ac,
        type: 3}
      propertyPath: m_Name
      value: Hex Pillar (2)
      objectReference: {fileID: 0}
    - target: {fileID: 1410810487606493330, guid: 29572b3a9d98d624eae4da98259444ac,
        type: 3}
      propertyPath: m_RootOrder
      value: 2
      objectReference: {fileID: 0}
    - target: {fileID: 1410810487606493330, guid: 29572b3a9d98d624eae4da98259444ac,
        type: 3}
      propertyPath: m_LocalPosition.x
      value: 5
      objectReference: {fileID: 0}
    - target: {fileID: 1410810487606493330, guid: 29572b3a9d98d624eae4da98259444ac,
        type: 3}
      propertyPath: m_LocalPosition.y
      value: -2
      objectReference: {fileID: 0}
    - target: {fileID: 1410810487606493330, guid: 29572b3a9d98d624eae4da98259444ac,
        type: 3}
      propertyPath: m_LocalPosition.z
      value: 0
      objectReference: {fileID: 0}
    - target: {fileID: 1410810487606493330, guid: 29572b3a9d98d624eae4da98259444ac,
        type: 3}
      propertyPath: m_LocalRotation.w
      value: 1
      objectReference: {fileID: 0}
    - target: {fileID: 1410810487606493330, guid: 29572b3a9d98d624eae4da98259444ac,
        type: 3}
      propertyPath: m_LocalRotation.x
      value: -0
      objectReference: {fileID: 0}
    - target: {fileID: 1410810487606493330, guid: 29572b3a9d98d624eae4da98259444ac,
        type: 3}
      propertyPath: m_LocalRotation.y
      value: 2.808668e-16
      objectReference: {fileID: 0}
    - target: {fileID: 1410810487606493330, guid: 29572b3a9d98d624eae4da98259444ac,
        type: 3}
      propertyPath: m_LocalRotation.z
      value: -8.426002e-16
      objectReference: {fileID: 0}
    - target: {fileID: 1410810487606493330, guid: 29572b3a9d98d624eae4da98259444ac,
        type: 3}
      propertyPath: m_LocalEulerAnglesHint.x
      value: 0
      objectReference: {fileID: 0}
    - target: {fileID: 1410810487606493330, guid: 29572b3a9d98d624eae4da98259444ac,
        type: 3}
      propertyPath: m_LocalEulerAnglesHint.y
      value: 0
      objectReference: {fileID: 0}
    - target: {fileID: 1410810487606493330, guid: 29572b3a9d98d624eae4da98259444ac,
        type: 3}
      propertyPath: m_LocalEulerAnglesHint.z
      value: 0
      objectReference: {fileID: 0}
    m_RemovedComponents: []
  m_SourcePrefab: {fileID: 100100000, guid: 29572b3a9d98d624eae4da98259444ac, type: 3}
--- !u!4 &2650665306280524932 stripped
Transform:
  m_CorrespondingSourceObject: {fileID: 1410810487606493330, guid: 29572b3a9d98d624eae4da98259444ac,
    type: 3}
  m_PrefabInstance: {fileID: 3989409324062686230}
  m_PrefabAsset: {fileID: 0}
--- !u!1001 &3989409324328648945
PrefabInstance:
  m_ObjectHideFlags: 0
  serializedVersion: 2
  m_Modification:
    m_TransformParent: {fileID: 3989409324495744752}
    m_Modifications:
    - target: {fileID: 601939954276762975, guid: 29572b3a9d98d624eae4da98259444ac,
        type: 3}
      propertyPath: m_Name
      value: Hex Pillar
      objectReference: {fileID: 0}
    - target: {fileID: 1410810487606493330, guid: 29572b3a9d98d624eae4da98259444ac,
        type: 3}
      propertyPath: m_RootOrder
      value: 5
      objectReference: {fileID: 0}
    - target: {fileID: 1410810487606493330, guid: 29572b3a9d98d624eae4da98259444ac,
        type: 3}
      propertyPath: m_LocalPosition.x
      value: 4
      objectReference: {fileID: 0}
    - target: {fileID: 1410810487606493330, guid: 29572b3a9d98d624eae4da98259444ac,
        type: 3}
      propertyPath: m_LocalPosition.y
      value: -2
      objectReference: {fileID: 0}
    - target: {fileID: 1410810487606493330, guid: 29572b3a9d98d624eae4da98259444ac,
        type: 3}
      propertyPath: m_LocalPosition.z
      value: -2
      objectReference: {fileID: 0}
    - target: {fileID: 1410810487606493330, guid: 29572b3a9d98d624eae4da98259444ac,
        type: 3}
      propertyPath: m_LocalRotation.w
      value: 1
      objectReference: {fileID: 0}
    - target: {fileID: 1410810487606493330, guid: 29572b3a9d98d624eae4da98259444ac,
        type: 3}
      propertyPath: m_LocalRotation.x
      value: 0
      objectReference: {fileID: 0}
    - target: {fileID: 1410810487606493330, guid: 29572b3a9d98d624eae4da98259444ac,
        type: 3}
      propertyPath: m_LocalRotation.y
      value: 2.808668e-16
      objectReference: {fileID: 0}
    - target: {fileID: 1410810487606493330, guid: 29572b3a9d98d624eae4da98259444ac,
        type: 3}
      propertyPath: m_LocalRotation.z
      value: -8.426002e-16
      objectReference: {fileID: 0}
    - target: {fileID: 1410810487606493330, guid: 29572b3a9d98d624eae4da98259444ac,
        type: 3}
      propertyPath: m_LocalEulerAnglesHint.x
      value: 0
      objectReference: {fileID: 0}
    - target: {fileID: 1410810487606493330, guid: 29572b3a9d98d624eae4da98259444ac,
        type: 3}
      propertyPath: m_LocalEulerAnglesHint.y
      value: 0
      objectReference: {fileID: 0}
    - target: {fileID: 1410810487606493330, guid: 29572b3a9d98d624eae4da98259444ac,
        type: 3}
      propertyPath: m_LocalEulerAnglesHint.z
      value: 0
      objectReference: {fileID: 0}
    m_RemovedComponents: []
  m_SourcePrefab: {fileID: 100100000, guid: 29572b3a9d98d624eae4da98259444ac, type: 3}
--- !u!4 &2650665305471434851 stripped
Transform:
  m_CorrespondingSourceObject: {fileID: 1410810487606493330, guid: 29572b3a9d98d624eae4da98259444ac,
    type: 3}
  m_PrefabInstance: {fileID: 3989409324328648945}
  m_PrefabAsset: {fileID: 0}
--- !u!1001 &3989409324383133189
PrefabInstance:
  m_ObjectHideFlags: 0
  serializedVersion: 2
  m_Modification:
    m_TransformParent: {fileID: 3989409324495744752}
    m_Modifications:
    - target: {fileID: 601939954276762975, guid: 29572b3a9d98d624eae4da98259444ac,
        type: 3}
      propertyPath: m_Name
      value: Hex Pillar (3)
      objectReference: {fileID: 0}
    - target: {fileID: 1410810487606493330, guid: 29572b3a9d98d624eae4da98259444ac,
        type: 3}
      propertyPath: m_RootOrder
      value: 3
      objectReference: {fileID: 0}
    - target: {fileID: 1410810487606493330, guid: 29572b3a9d98d624eae4da98259444ac,
        type: 3}
      propertyPath: m_LocalPosition.x
      value: 5
      objectReference: {fileID: 0}
    - target: {fileID: 1410810487606493330, guid: 29572b3a9d98d624eae4da98259444ac,
        type: 3}
      propertyPath: m_LocalPosition.y
      value: -3
      objectReference: {fileID: 0}
    - target: {fileID: 1410810487606493330, guid: 29572b3a9d98d624eae4da98259444ac,
        type: 3}
      propertyPath: m_LocalPosition.z
      value: 2
      objectReference: {fileID: 0}
    - target: {fileID: 1410810487606493330, guid: 29572b3a9d98d624eae4da98259444ac,
        type: 3}
      propertyPath: m_LocalRotation.w
      value: 1
      objectReference: {fileID: 0}
    - target: {fileID: 1410810487606493330, guid: 29572b3a9d98d624eae4da98259444ac,
        type: 3}
      propertyPath: m_LocalRotation.x
      value: -0
      objectReference: {fileID: 0}
    - target: {fileID: 1410810487606493330, guid: 29572b3a9d98d624eae4da98259444ac,
        type: 3}
      propertyPath: m_LocalRotation.y
      value: 2.808668e-16
      objectReference: {fileID: 0}
    - target: {fileID: 1410810487606493330, guid: 29572b3a9d98d624eae4da98259444ac,
        type: 3}
      propertyPath: m_LocalRotation.z
      value: -8.426002e-16
      objectReference: {fileID: 0}
    - target: {fileID: 1410810487606493330, guid: 29572b3a9d98d624eae4da98259444ac,
        type: 3}
      propertyPath: m_LocalEulerAnglesHint.x
      value: 0
      objectReference: {fileID: 0}
    - target: {fileID: 1410810487606493330, guid: 29572b3a9d98d624eae4da98259444ac,
        type: 3}
      propertyPath: m_LocalEulerAnglesHint.y
      value: 0
      objectReference: {fileID: 0}
    - target: {fileID: 1410810487606493330, guid: 29572b3a9d98d624eae4da98259444ac,
        type: 3}
      propertyPath: m_LocalEulerAnglesHint.z
      value: 0
      objectReference: {fileID: 0}
    m_RemovedComponents: []
  m_SourcePrefab: {fileID: 100100000, guid: 29572b3a9d98d624eae4da98259444ac, type: 3}
--- !u!4 &2650665305425223319 stripped
Transform:
  m_CorrespondingSourceObject: {fileID: 1410810487606493330, guid: 29572b3a9d98d624eae4da98259444ac,
    type: 3}
  m_PrefabInstance: {fileID: 3989409324383133189}
  m_PrefabAsset: {fileID: 0}
--- !u!1001 &3989409324696885593
PrefabInstance:
  m_ObjectHideFlags: 0
  serializedVersion: 2
  m_Modification:
    m_TransformParent: {fileID: 3989409324495744752}
    m_Modifications:
    - target: {fileID: 556401400728516376, guid: 4cf4cae090e012e4fa57188cbf07db05,
        type: 3}
      propertyPath: m_Name
      value: Lava Tile
      objectReference: {fileID: 0}
    - target: {fileID: 622774161929363530, guid: 4cf4cae090e012e4fa57188cbf07db05,
        type: 3}
      propertyPath: m_RootOrder
      value: 0
      objectReference: {fileID: 0}
    - target: {fileID: 622774161929363530, guid: 4cf4cae090e012e4fa57188cbf07db05,
        type: 3}
      propertyPath: m_LocalPosition.x
      value: 0
      objectReference: {fileID: 0}
    - target: {fileID: 622774161929363530, guid: 4cf4cae090e012e4fa57188cbf07db05,
        type: 3}
      propertyPath: m_LocalPosition.y
      value: 0
      objectReference: {fileID: 0}
    - target: {fileID: 622774161929363530, guid: 4cf4cae090e012e4fa57188cbf07db05,
        type: 3}
      propertyPath: m_LocalPosition.z
      value: 0
      objectReference: {fileID: 0}
    - target: {fileID: 622774161929363530, guid: 4cf4cae090e012e4fa57188cbf07db05,
        type: 3}
      propertyPath: m_LocalRotation.w
      value: 1
      objectReference: {fileID: 0}
    - target: {fileID: 622774161929363530, guid: 4cf4cae090e012e4fa57188cbf07db05,
        type: 3}
      propertyPath: m_LocalRotation.x
      value: -0
      objectReference: {fileID: 0}
    - target: {fileID: 622774161929363530, guid: 4cf4cae090e012e4fa57188cbf07db05,
        type: 3}
      propertyPath: m_LocalRotation.y
      value: 2.808668e-16
      objectReference: {fileID: 0}
    - target: {fileID: 622774161929363530, guid: 4cf4cae090e012e4fa57188cbf07db05,
        type: 3}
      propertyPath: m_LocalRotation.z
      value: -8.426002e-16
      objectReference: {fileID: 0}
    - target: {fileID: 622774161929363530, guid: 4cf4cae090e012e4fa57188cbf07db05,
        type: 3}
      propertyPath: m_LocalEulerAnglesHint.x
      value: 0
      objectReference: {fileID: 0}
    - target: {fileID: 622774161929363530, guid: 4cf4cae090e012e4fa57188cbf07db05,
        type: 3}
      propertyPath: m_LocalEulerAnglesHint.y
      value: 0
      objectReference: {fileID: 0}
    - target: {fileID: 622774161929363530, guid: 4cf4cae090e012e4fa57188cbf07db05,
        type: 3}
      propertyPath: m_LocalEulerAnglesHint.z
      value: 0
      objectReference: {fileID: 0}
    - target: {fileID: 5130720770479856214, guid: 4cf4cae090e012e4fa57188cbf07db05,
        type: 3}
      propertyPath: m_StaticEditorFlags
      value: 2147483647
      objectReference: {fileID: 0}
    m_RemovedComponents: []
  m_SourcePrefab: {fileID: 100100000, guid: 4cf4cae090e012e4fa57188cbf07db05, type: 3}
--- !u!4 &4609912953505265939 stripped
Transform:
  m_CorrespondingSourceObject: {fileID: 622774161929363530, guid: 4cf4cae090e012e4fa57188cbf07db05,
    type: 3}
  m_PrefabInstance: {fileID: 3989409324696885593}
  m_PrefabAsset: {fileID: 0}
