%YAML 1.1
%TAG !u! tag:unity3d.com,2011:
--- !u!1 &601939954276762975
GameObject:
  m_ObjectHideFlags: 0
  m_CorrespondingSourceObject: {fileID: 0}
  m_PrefabInstance: {fileID: 0}
  m_PrefabAsset: {fileID: 0}
  serializedVersion: 6
  m_Component:
  - component: {fileID: 1410810487606493330}
  m_Layer: 0
  m_Name: Hex Pillar
  m_TagString: Untagged
  m_Icon: {fileID: 0}
  m_NavMeshLayer: 0
  m_StaticEditorFlags: 2147483647
  m_IsActive: 1
--- !u!4 &1410810487606493330
Transform:
  m_ObjectHideFlags: 0
  m_CorrespondingSourceObject: {fileID: 0}
  m_PrefabInstance: {fileID: 0}
  m_PrefabAsset: {fileID: 0}
  m_GameObject: {fileID: 601939954276762975}
  m_LocalRotation: {x: 0, y: 0, z: 0, w: 1}
  m_LocalPosition: {x: 0, y: 0, z: 0}
  m_LocalScale: {x: 1, y: 1, z: 1}
  m_ConstrainProportionsScale: 0
  m_Children:
  - {fileID: 4171724112104168923}
  m_Father: {fileID: 0}
  m_RootOrder: 0
  m_LocalEulerAnglesHint: {x: 0, y: 0, z: 0}
--- !u!1 &6298124552315242986
GameObject:
  m_ObjectHideFlags: 0
  m_CorrespondingSourceObject: {fileID: 0}
  m_PrefabInstance: {fileID: 0}
  m_PrefabAsset: {fileID: 0}
  serializedVersion: 6
  m_Component:
  - component: {fileID: 4171724112104168923}
  - component: {fileID: 3433476722511314863}
  - component: {fileID: 445256900360024373}
  - component: {fileID: 664006932}
  - component: {fileID: 750364664864066017}
  m_Layer: 0
  m_Name: Cylinder
  m_TagString: Untagged
  m_Icon: {fileID: 0}
  m_NavMeshLayer: 0
  m_StaticEditorFlags: 2147483647
  m_IsActive: 1
--- !u!4 &4171724112104168923
Transform:
  m_ObjectHideFlags: 0
  m_CorrespondingSourceObject: {fileID: 0}
  m_PrefabInstance: {fileID: 0}
  m_PrefabAsset: {fileID: 0}
  m_GameObject: {fileID: 6298124552315242986}
  m_LocalRotation: {x: -0, y: -0, z: -0, w: 1}
  m_LocalPosition: {x: 0, y: 0, z: 0}
  m_LocalScale: {x: 0.8, y: 0.8, z: 0.8}
  m_ConstrainProportionsScale: 0
  m_Children: []
  m_Father: {fileID: 1410810487606493330}
  m_RootOrder: 0
  m_LocalEulerAnglesHint: {x: 0, y: 0, z: 0}
--- !u!33 &3433476722511314863
MeshFilter:
  m_ObjectHideFlags: 0
  m_CorrespondingSourceObject: {fileID: 0}
  m_PrefabInstance: {fileID: 0}
  m_PrefabAsset: {fileID: 0}
  m_GameObject: {fileID: 6298124552315242986}
  m_Mesh: {fileID: 0}
--- !u!23 &445256900360024373
MeshRenderer:
  m_ObjectHideFlags: 0
  m_CorrespondingSourceObject: {fileID: 0}
  m_PrefabInstance: {fileID: 0}
  m_PrefabAsset: {fileID: 0}
  m_GameObject: {fileID: 6298124552315242986}
  m_Enabled: 1
  m_CastShadows: 1
  m_ReceiveShadows: 1
  m_DynamicOccludee: 1
  m_StaticShadowCaster: 0
  m_MotionVectors: 1
  m_LightProbeUsage: 1
  m_ReflectionProbeUsage: 1
  m_RayTracingMode: 2
  m_RayTraceProcedural: 0
  m_RenderingLayerMask: 1
  m_RendererPriority: 0
  m_Materials:
  - {fileID: 2100000, guid: d241a342f973cd643bec5fa902a9ba67, type: 2}
  m_StaticBatchInfo:
    firstSubMesh: 0
    subMeshCount: 0
  m_StaticBatchRoot: {fileID: 0}
  m_ProbeAnchor: {fileID: 0}
  m_LightProbeVolumeOverride: {fileID: 0}
  m_ScaleInLightmap: 1
  m_ReceiveGI: 1
  m_PreserveUVs: 0
  m_IgnoreNormalsForChartDetection: 0
  m_ImportantGI: 0
  m_StitchLightmapSeams: 1
  m_SelectedEditorRenderState: 2
  m_MinimumChartSize: 4
  m_AutoUVMaxDistance: 0.5
  m_AutoUVMaxAngle: 89
  m_LightmapParameters: {fileID: 0}
  m_SortingLayerID: 0
  m_SortingLayer: 0
  m_SortingOrder: 0
  m_AdditionalVertexStreams: {fileID: 0}
--- !u!65 &664006932
BoxCollider:
  m_ObjectHideFlags: 0
  m_CorrespondingSourceObject: {fileID: 0}
  m_PrefabInstance: {fileID: 0}
  m_PrefabAsset: {fileID: 0}
  m_GameObject: {fileID: 6298124552315242986}
  m_Material: {fileID: 0}
  m_IsTrigger: 0
  m_Enabled: 1
  serializedVersion: 2
  m_Size: {x: 3, y: 5.0000005, z: 2.598076}
  m_Center: {x: 0, y: 2.4999998, z: 0}
--- !u!114 &750364664864066017
MonoBehaviour:
  m_ObjectHideFlags: 0
  m_CorrespondingSourceObject: {fileID: 0}
  m_PrefabInstance: {fileID: 0}
  m_PrefabAsset: {fileID: 0}
  m_GameObject: {fileID: 6298124552315242986}
  m_Enabled: 1
  m_EditorHideFlags: 0
  m_Script: {fileID: 11500000, guid: 8233d90336aea43098adf6dbabd606a2, type: 3}
  m_Name: 
  m_EditorClassIdentifier: 
  m_MeshFormatVersion: 2
  m_Faces:
  - m_Indexes: 000000000100000002000000000000000200000003000000
    m_SmoothingGroup: 0
    m_Uv:
      m_UseWorldSpace: 0
      m_FlipU: 0
      m_FlipV: 0
      m_SwapUV: 0
      m_Fill: 1
      m_Scale: {x: 1, y: 1}
      m_Offset: {x: 0, y: 0}
      m_Rotation: 0
      m_Anchor: 9
    m_Material: {fileID: 0}
    m_SubmeshIndex: 0
    m_ManualUV: 1
    elementGroup: -1
    m_TextureGroup: -1
  - m_Indexes: 040000000500000006000000040000000600000007000000
    m_SmoothingGroup: 0
    m_Uv:
      m_UseWorldSpace: 0
      m_FlipU: 0
      m_FlipV: 0
      m_SwapUV: 0
      m_Fill: 1
      m_Scale: {x: 1, y: 1}
      m_Offset: {x: 0, y: 0}
      m_Rotation: 0
      m_Anchor: 9
    m_Material: {fileID: 0}
    m_SubmeshIndex: 0
    m_ManualUV: 1
    elementGroup: -1
    m_TextureGroup: -1
  - m_Indexes: 08000000090000000a000000080000000a0000000b000000
    m_SmoothingGroup: 0
    m_Uv:
      m_UseWorldSpace: 0
      m_FlipU: 0
      m_FlipV: 0
      m_SwapUV: 0
      m_Fill: 1
      m_Scale: {x: 1, y: 1}
      m_Offset: {x: 0, y: 0}
      m_Rotation: 0
      m_Anchor: 9
    m_Material: {fileID: 0}
    m_SubmeshIndex: 0
    m_ManualUV: 1
    elementGroup: -1
    m_TextureGroup: -1
  - m_Indexes: 0c0000000d0000000e0000000c0000000e0000000f000000
    m_SmoothingGroup: 0
    m_Uv:
      m_UseWorldSpace: 0
      m_FlipU: 0
      m_FlipV: 0
      m_SwapUV: 0
      m_Fill: 1
      m_Scale: {x: 1, y: 1}
      m_Offset: {x: 0, y: 0}
      m_Rotation: 0
      m_Anchor: 9
    m_Material: {fileID: 0}
    m_SubmeshIndex: 0
    m_ManualUV: 1
    elementGroup: -1
    m_TextureGroup: -1
  - m_Indexes: 100000001100000012000000100000001200000013000000
    m_SmoothingGroup: 0
    m_Uv:
      m_UseWorldSpace: 0
      m_FlipU: 0
      m_FlipV: 0
      m_SwapUV: 0
      m_Fill: 1
      m_Scale: {x: 1, y: 1}
      m_Offset: {x: 0, y: 0}
      m_Rotation: 0
      m_Anchor: 9
    m_Material: {fileID: 0}
    m_SubmeshIndex: 0
    m_ManualUV: 1
    elementGroup: -1
    m_TextureGroup: -1
  - m_Indexes: 140000001500000016000000140000001600000017000000
    m_SmoothingGroup: 0
    m_Uv:
      m_UseWorldSpace: 0
      m_FlipU: 0
      m_FlipV: 0
      m_SwapUV: 0
      m_Fill: 1
      m_Scale: {x: 1, y: 1}
      m_Offset: {x: 0, y: 0}
      m_Rotation: 0
      m_Anchor: 9
    m_Material: {fileID: 0}
    m_SubmeshIndex: 0
    m_ManualUV: 1
    elementGroup: -1
    m_TextureGroup: -1
  - m_Indexes: 18000000190000001a000000180000001a0000001b000000
    m_SmoothingGroup: 1
    m_Uv:
      m_UseWorldSpace: 0
      m_FlipU: 0
      m_FlipV: 0
      m_SwapUV: 0
      m_Fill: 1
      m_Scale: {x: 1, y: 1}
      m_Offset: {x: 0, y: 0}
      m_Rotation: 0
      m_Anchor: 9
    m_Material: {fileID: 0}
    m_SubmeshIndex: 0
    m_ManualUV: 1
    elementGroup: -1
    m_TextureGroup: -1
  - m_Indexes: 1c0000001d0000001e0000001c000000220000001d000000
    m_SmoothingGroup: 1
    m_Uv:
      m_UseWorldSpace: 0
      m_FlipU: 0
      m_FlipV: 0
      m_SwapUV: 0
      m_Fill: 1
      m_Scale: {x: 1, y: 1}
      m_Offset: {x: 0, y: 0}
      m_Rotation: 0
      m_Anchor: 9
    m_Material: {fileID: 0}
    m_SubmeshIndex: 0
    m_ManualUV: 1
    elementGroup: -1
    m_TextureGroup: -1
  - m_Indexes: 1f00000020000000210000001f0000002100000023000000
    m_SmoothingGroup: 1
    m_Uv:
      m_UseWorldSpace: 0
      m_FlipU: 0
      m_FlipV: 0
      m_SwapUV: 0
      m_Fill: 1
      m_Scale: {x: 1, y: 1}
      m_Offset: {x: 0, y: 0}
      m_Rotation: 0
      m_Anchor: 9
    m_Material: {fileID: 0}
    m_SubmeshIndex: 0
    m_ManualUV: 1
    elementGroup: -1
    m_TextureGroup: -1
  - m_Indexes: 240000002500000026000000240000002600000027000000
    m_SmoothingGroup: 2
    m_Uv:
      m_UseWorldSpace: 0
      m_FlipU: 0
      m_FlipV: 0
      m_SwapUV: 0
      m_Fill: 1
      m_Scale: {x: 1, y: 1}
      m_Offset: {x: 0, y: 0}
      m_Rotation: 0
      m_Anchor: 9
    m_Material: {fileID: 0}
    m_SubmeshIndex: 0
    m_ManualUV: 1
    elementGroup: -1
    m_TextureGroup: -1
  - m_Indexes: 28000000290000002a000000280000002e00000029000000
    m_SmoothingGroup: 2
    m_Uv:
      m_UseWorldSpace: 0
      m_FlipU: 0
      m_FlipV: 0
      m_SwapUV: 0
      m_Fill: 1
      m_Scale: {x: 1, y: 1}
      m_Offset: {x: 0, y: 0}
      m_Rotation: 0
      m_Anchor: 9
    m_Material: {fileID: 0}
    m_SubmeshIndex: 0
    m_ManualUV: 1
    elementGroup: -1
    m_TextureGroup: -1
  - m_Indexes: 2b0000002c0000002d0000002b0000002d0000002f000000
    m_SmoothingGroup: 2
    m_Uv:
      m_UseWorldSpace: 0
      m_FlipU: 0
      m_FlipV: 0
      m_SwapUV: 0
      m_Fill: 1
      m_Scale: {x: 1, y: 1}
      m_Offset: {x: 0, y: 0}
      m_Rotation: 0
      m_Anchor: 9
    m_Material: {fileID: 0}
    m_SubmeshIndex: 0
    m_ManualUV: 1
    elementGroup: -1
    m_TextureGroup: -1
  m_SharedVertices:
  - m_Vertices: 000000000500000029000000
  - m_Vertices: 01000000140000002e0000002f000000
  - m_Vertices: 020000001700000019000000
  - m_Vertices: 0300000006000000180000001e000000
  - m_Vertices: 0400000009000000240000002a000000
  - m_Vertices: 070000000a0000001d000000
  - m_Vertices: 080000000d00000025000000
  - m_Vertices: 0b0000000e0000002200000023000000
  - m_Vertices: 0c00000011000000260000002c000000
  - m_Vertices: 0f0000001200000021000000
  - m_Vertices: 10000000150000002d000000
  - m_Vertices: 13000000160000001a00000020000000
  - m_Vertices: 1b0000001c0000001f000000
  - m_Vertices: 27000000280000002b000000
  m_SharedTextures: []
  m_Positions:
  - {x: 0.75, y: -0.0000002384186, z: 1.299038}
  - {x: 1.5, y: -0.0000002384186, z: 0}
  - {x: 1.4415883, y: 4.4094515, z: -0.0007978454}
  - {x: 0.7067156, y: 4.556534, z: 1.298559}
  - {x: -0.7500001, y: -0.0000002384186, z: 1.299038}
  - {x: 0.75, y: -0.0000002384186, z: 1.299038}
  - {x: 0.7067156, y: 4.556534, z: 1.298559}
  - {x: -0.76464057, y: 4.8525047, z: 1.299038}
  - {x: -1.5, y: -0.0000002384186, z: 0}
  - {x: -0.7500001, y: -0.0000002384186, z: 1.299038}
  - {x: -0.76464057, y: 4.8525047, z: 1.299038}
  - {x: -1.4997237, y: 4.9999437, z: 0.00047843903}
  - {x: -0.7499999, y: -0.0000002384186, z: -1.299038}
  - {x: -1.5, y: -0.0000002384186, z: 0}
  - {x: -1.4997237, y: 4.9999437, z: 0.00047843903}
  - {x: -0.7648504, y: 4.852862, z: -1.2988782}
  - {x: 0.75, y: -0.0000002384186, z: -1.299038}
  - {x: -0.7499999, y: -0.0000002384186, z: -1.299038}
  - {x: -0.7648504, y: 4.852862, z: -1.2988782}
  - {x: 0.7058054, y: 4.5576153, z: -1.2995164}
  - {x: 1.5, y: -0.0000002384186, z: 0}
  - {x: 0.75, y: -0.0000002384186, z: -1.299038}
  - {x: 0.7058054, y: 4.5576153, z: -1.2995164}
  - {x: 1.4415883, y: 4.4094515, z: -0.0007978454}
  - {x: 0.7067156, y: 4.556534, z: 1.298559}
  - {x: 1.4415883, y: 4.4094515, z: -0.0007978454}
  - {x: 0.7058054, y: 4.5576153, z: -1.2995164}
  - {x: -0.029067546, y: 4.7046976, z: -0.0001597032}
  - {x: -0.029067546, y: 4.7046976, z: -0.0001597032}
  - {x: -0.76464057, y: 4.8525047, z: 1.299038}
  - {x: 0.7067156, y: 4.556534, z: 1.298559}
  - {x: -0.029067546, y: 4.7046976, z: -0.0001597032}
  - {x: 0.7058054, y: 4.5576153, z: -1.2995164}
  - {x: -0.7648504, y: 4.852862, z: -1.2988782}
  - {x: -1.4997237, y: 4.9999437, z: 0.00047843903}
  - {x: -1.4997237, y: 4.9999437, z: 0.00047843903}
  - {x: -0.7500001, y: -0.0000002384186, z: 1.299038}
  - {x: -1.5, y: -0.0000002384186, z: 0}
  - {x: -0.7499999, y: -0.0000002384186, z: -1.299038}
  - {x: 0, y: -0.0000002384186, z: 0}
  - {x: 0, y: -0.0000002384186, z: 0}
  - {x: 0.75, y: -0.0000002384186, z: 1.299038}
  - {x: -0.7500001, y: -0.0000002384186, z: 1.299038}
  - {x: 0, y: -0.0000002384186, z: 0}
  - {x: -0.7499999, y: -0.0000002384186, z: -1.299038}
  - {x: 0.75, y: -0.0000002384186, z: -1.299038}
  - {x: 1.5, y: -0.0000002384186, z: 0}
  - {x: 1.5, y: -0.0000002384186, z: 0}
  m_Textures0:
  - {x: -1.299038, y: 0.00009989738}
  - {x: -2.799038, y: 0.00009989738}
  - {x: -2.799038, y: 5.0001}
  - {x: -1.299038, y: 5.0001}
  - {x: -0.7499999, y: 0.00009989738}
  - {x: -2.25, y: 0.00009989738}
  - {x: -2.25, y: 5.0001}
  - {x: -0.7499999, y: 5.0001}
  - {x: 1.299038, y: 0.00009989738}
  - {x: -0.2009618, y: 0.00009989738}
  - {x: -0.2009618, y: 5.0001}
  - {x: 1.299038, y: 5.0001}
  - {x: 2.799038, y: 0.00009989738}
  - {x: 1.299038, y: 0.00009989738}
  - {x: 1.299038, y: 5.0001}
  - {x: 2.799038, y: 5.0001}
  - {x: 2.25, y: 0.00009989738}
  - {x: 0.7500001, y: 0.00009989738}
  - {x: 0.7500001, y: 5.0001}
  - {x: 2.25, y: 5.0001}
  - {x: 0.2009619, y: 0.00009989738}
  - {x: -1.299038, y: 0.00009989738}
  - {x: -1.299038, y: 5.0001}
  - {x: 0.2009619, y: 5.0001}
  - {x: 2.25, y: -0.2009618}
  - {x: 3, y: -1.5}
  - {x: 2.25, y: -2.799038}
  - {x: 1.5, y: -1.5}
  - {x: 1.5, y: -1.5}
  - {x: 0.7499999, y: -0.2009619}
  - {x: 2.25, y: -0.2009618}
  - {x: 1.5, y: -1.5}
  - {x: 2.25, y: -2.799038}
  - {x: 0.7500001, y: -2.799038}
  - {x: 0, y: -1.5}
  - {x: 0, y: -1.5}
  - {x: -0.7499999, y: -0.2009619}
  - {x: 0, y: -1.5}
  - {x: -0.7500001, y: -2.799038}
  - {x: -1.5, y: -1.5}
  - {x: -1.5, y: -1.5}
  - {x: -2.25, y: -0.2009618}
  - {x: -0.7499999, y: -0.2009619}
  - {x: -1.5, y: -1.5}
  - {x: -0.7500001, y: -2.799038}
  - {x: -2.25, y: -2.799038}
  - {x: -3, y: -1.5}
  - {x: -3, y: -1.5}
  m_Textures2: []
  m_Textures3: []
  m_Tangents:
  - {x: -0.4956186, y: 0.04908643, z: 0.86715204, w: -1}
  - {x: -0.5, y: 0, z: 0.8660254, w: -1}
  - {x: -0.4956186, y: 0.04908643, z: 0.86715204, w: -1}
  - {x: -0.48991525, y: 0.0980549, z: 0.86623806, w: -1}
  - {x: -0.99507576, y: 0.099117525, z: 0.00015684674, w: -1}
  - {x: -1, y: 0, z: 0, w: -1}
  - {x: -0.99507576, y: 0.099117525, z: 0.00015684674, w: -1}
  - {x: -0.98036224, y: 0.19720495, z: 0.000319225, w: -1}
  - {x: -0.4957705, y: 0.04921542, z: -0.8670579, w: -1}
  - {x: -0.49999997, y: -7.7869565e-11, z: -0.8660254, w: -1}
  - {x: -0.4957705, y: 0.04921542, z: -0.8670579, w: -1}
  - {x: -0.490236, y: 0.09832889, z: -0.86602545, w: -1}
  - {x: 0.495492, y: -0.049087044, z: -0.8672244, w: -1}
  - {x: 0.5000001, y: 0, z: -0.8660254, w: -1}
  - {x: 0.495492, y: -0.049087044, z: -0.8672244, w: -1}
  - {x: 0.4899156, y: -0.09805458, z: -0.8662378, w: -1}
  - {x: 0.99509734, y: -0.09890042, z: -0.000223076, w: -1}
  - {x: 1, y: 0, z: 0, w: -1}
  - {x: 0.99509734, y: -0.09890042, z: -0.000223076, w: -1}
  - {x: 0.98043734, y: -0.1968311, z: -0.00042549777, w: -1}
  - {x: 0.49579537, y: -0.049449705, z: 0.8670303, w: -1}
  - {x: 0.5, y: 0, z: 0.8660254, w: -1}
  - {x: 0.49579537, y: -0.049449705, z: 0.8670303, w: -1}
  - {x: 0.49052203, y: -0.09877588, z: 0.8658126, w: -1}
  - {x: 0.98039985, y: -0.19701786, z: -0.00042546203, w: -1}
  - {x: 0.9804374, y: -0.19683081, z: -0.0004253389, w: -1}
  - {x: 0.98043734, y: -0.19683091, z: -0.00042541834, w: -1}
  - {x: 0.9804249, y: -0.19689317, z: -0.0004255123, w: -1}
  - {x: 0.98042494, y: -0.1968932, z: -0.0003723225, w: -1}
  - {x: 0.9803998, y: -0.19701785, z: -0.00037235158, w: -1}
  - {x: 0.9803998, y: -0.19701788, z: -0.00031926073, w: -1}
  - {x: 0.9804249, y: -0.19689319, z: -0.00042547748, w: -1}
  - {x: 0.98043734, y: -0.19683093, z: -0.00042549765, w: -1}
  - {x: 0.98043734, y: -0.1968309, z: -0.0004254629, w: -1}
  - {x: 0.98043734, y: -0.19683073, z: -0.00042542812, w: -1}
  - {x: 0.9804374, y: -0.19683075, z: -0.00042542812, w: -1}
  - {x: -1, y: 0, z: 0, w: -1}
  - {x: -1, y: 0, z: 0, w: -1}
  - {x: -1, y: 0, z: 0, w: -1}
  - {x: -1, y: 0, z: 0, w: -1}
  - {x: -1, y: 0, z: 0.000000039736427, w: -1}
  - {x: -1, y: 0, z: 0.000000039736427, w: -1}
  - {x: -1, y: 0, z: 0.000000079472855, w: -1}
  - {x: -1, y: 0, z: 0, w: -1}
  - {x: -1, y: 0, z: 0, w: -1}
  - {x: -1, y: 0, z: 0, w: -1}
  - {x: -1, y: 0, z: 0, w: -1}
  - {x: -1, y: 0, z: 0, w: -1}
  m_Colors: []
  m_UnwrapParameters:
    m_HardAngle: 88
    m_PackMargin: 20
    m_AngleError: 8
    m_AreaError: 15
  m_PreserveMeshAssetOnDestroy: 0
  assetGuid: 
  m_Mesh: {fileID: 0}
  m_VersionIndex: 65
  m_IsSelectable: 1
  m_SelectedFaces: 
  m_SelectedEdges: []
  m_SelectedVertices: 
